Automatically generated by Mendeley Desktop 1.18-dev3
Any changes to this file will be lost if it is regenerated by Mendeley.

BibTeX export options can be customized via Options -> BibTeX in Mendeley Desktop

@article{Forman2011a,
author = {Forman, Joel C. and Bashash, Saeid and Stein, Jeffrey L. and Fathy, Hosam K.},
doi = {10.1149/1.3519059},
file = {:home/kg314/Documents/mendeley{\_}desktop/Forman et al/Journal of The Electrochemical Society/Reduction of an Electrochemistry-Based Li-Ion Battery Model via Quasi-Linearization and Padé Approximation{\_}Forman et al.{\_}2011.pdf:pdf},
issn = {00134651},
journal = {Journal of The Electrochemical Society},
month = {feb},
number = {2},
pages = {A93},
publisher = {The Electrochemical Society},
title = {{Reduction of an Electrochemistry-Based Li-Ion Battery Model via Quasi-Linearization and Padé Approximation}},
url = {http://jes.ecsdl.org/cgi/doi/10.1149/1.3519059},
volume = {158},
year = {2011}
}
