@acronym{xeV,
  short = {xEV},
  long  = {Battery Electric/Plug-in Hybrid Electric Vehicle}
}

@acronym{zoh,
  short = {ZOH},
  long  = {Zero Order Hold}
}

@acronym{vop,
  short = {VOP},
  long  = {Variation of Parameters}
}

@acronym{udds,
  short = {UDDS},
  long  = {Urban Dynamometer Driving Schedule}
}











