% Encoding: UTF-8

@symbol{neg,
    name={\ensuremath{\mathrm{neg}}},
    description={Denotes for the negative electrode region}
}

@symbol{sep,
    name={\ensuremath{\mathrm{sep}}},
    description={Denotes for the separator region}
}

@symbol{pos,
    name={\ensuremath{\mathrm{pos}}},
    description={Denotes for the positive electrode region}
}

@symbol{negsep,
    name={\ensuremath{\mathrm{neg/sep}}},
    description={Denotes for the negative electrode/separator interface}
}

@symbol{seppos,
    name={\ensuremath{\mathrm{sep/pos}}},
    description={Denotes for the positive electrode/separator interface}
}

@symbol{negcucc,
    name={\ensuremath{\mathrm{neg/Cucc}\ \ }},
    description={Denotes for the negative electrode/Copper current collector interface}
}

@symbol{posalcc,
    name={\ensuremath{\mathrm{pos/Alcc}}},
    description={Denotes for the positive electrode/Aluminium current collector interface}
}

