% Encoding: UTF-8

@symbol{eps,
    name={\ensuremath{\varepsilon}},
    description={Porosity of the electrode \ie{} volume fraction of the electrolyte-phase within the electrode }
}

% @entry{alpha,
%     name={\ensuremath{\alpha}},
%     description={angular acceleration (\si{\radian\per\second\squared})}
% }
% @entry{delta,
%     name={\ensuremath{\delta}},
%     description={Kronecker delta}
% }
% @entry{lambda,
%     name={\ensuremath{\lambda}},
%     description={Lagrange multiplier}
% }
% @entry{chi,
%     name={\ensuremath{\chi}},
%     description={chromatic number}
% }
% @entry{zeta,
%     name={\ensuremath{\zeta}},
%     description={Riemann zeta function}
% }
